@inproceedings{Peng04accurateinformation,
    author = {Fuchun Peng and Andrew McCallum},
    title = {Accurate information extraction from research papers using conditional random fields},
    booktitle = {HLT-NAACL04},
    year = {2004},
    pages = {329--336},
    publisher = {}
}

@article{peng2006information,
  title={Information extraction from research papers using conditional random fields},
  author={Peng, Fuchun and McCallum, Andrew},
  journal={Information processing \& management},
  volume={42},
  number={4},
  pages={963--979},
  year={2006},
  publisher={Elsevier}
}

@book{murphy2012machine,
  title={Machine learning: a probabilistic perspective},
  author={Murphy, Kevin P},
  year={2012},
  publisher={MIT press}
}

@article{sutton2006introduction,
  title={An introduction to conditional random fields for relational learning},
  author={Sutton, Charles and McCallum, Andrew},
  journal={Introduction to statistical relational learning},
  pages={93--128},
  year={2006},
  publisher={MIT press}
}

@inproceedings{mccallum2000maximum,
  title={{Maximum Entropy Markov Models for Information Extraction and Segmentation.}},
  author={McCallum, Andrew and Freitag, Dayne and Pereira, Fernando CN},
  booktitle={ICML},
  volume={17},
  pages={591--598},
  year={2000}
}

@article{lafferty2001conditional,
  title={Conditional random fields: {Probabilistic} models for segmenting and labeling sequence data},
  author={Lafferty, John and McCallum, Andrew and Pereira, Fernando CN},
  year={2001}
}

@incollection{dejean2006system,
  title={{A system for converting PDF documents into structured XML format}},
  author={D{\'e}jean, Herv{\'e} and Meunier, Jean-Luc},
  booktitle={Document Analysis Systems VII},
  pages={129--140},
  year={2006},
  publisher={Springer}
}

@inproceedings{lavergne2010practical,
  author    = {Lavergne, Thomas and Capp\'{e}, Olivier and Yvon, Fran\c{c}ois},
  title     = {{Practical Very Large Scale CRFs}},
  booktitle = {Proceedings the 48th Annual Meeting of the Association for
            Computational Linguistics ({ACL})},
  month     = {July},
  year      = {2010},
  location  = {Uppsala, Sweden},
  publisher = {Association for Computational Linguistics},
  pages     = {504--513},
  url       = {http://www.aclweb.org/anthology/P10-1052}
}

@inproceedings{lipinski2013evaluation,
  title={Evaluation of header metadata extraction approaches and tools for scientific pdf documents},
  author={Lipinski, Mario and Yao, Kevin and Breitinger, Corinna and Beel, Joeran and Gipp, Bela},
  booktitle={Proceedings of the 13th ACM/IEEE-CS joint conference on Digital libraries},
  pages={385--386},
  year={2013},
  organization={ACM}
}

@article{rabiner1989tutorial,
  title={A tutorial on hidden {M}arkov models and selected applications in speech recognition},
  author={Rabiner, Lawrence R},
  journal={Proceedings of the IEEE},
  volume={77},
  number={2},
  pages={257--286},
  year={1989},
  publisher={IEEE}
}

@incollection{lopez2009grobid,
  title={{GROBID}: {C}ombining automatic bibliographic data recognition and term extraction for scholarship publications},
  author={Lopez, Patrice},
  booktitle={Research and Advanced Technology for Digital Libraries},
  pages={473--474},
  year={2009},
  publisher={Springer}
}

@article{maguire2012taxonomy,
  title={Taxonomy-based glyph design--with a case study on visualizing workflows of biological experiments},
  author={Maguire, Eamonn and Rocca-Serra, Philippe and Sansone, Susanna-Assunta and Davies, Jim and Chen, Min},
  journal={Visualization and Computer Graphics, IEEE Transactions on},
  volume={18},
  number={12},
  pages={2603--2612},
  year={2012},
  publisher={IEEE}
}

@article{aaij2015identification,
  title={Identification of beauty and charm quark jets at {LHCb}},
  author={Aaij, Roel and Adeva, B and Adinolfi, M and Affolder, A and Ajaltouni, Z and Akar, S and Albrecht, J and Alessio, F and Alexander, M and Ali, S and others},
  journal={arXiv preprint arXiv:1504.07670},
  year={2015}
}

@article{mccallum2000automating,
  title={Automating the construction of internet portals with machine learning},
  author={McCallum, Andrew Kachites and Nigam, Kamal and Rennie, Jason and Seymore, Kristie},
  journal={Information Retrieval},
  volume={3},
  number={2},
  pages={127--163},
  year={2000},
  publisher={Springer}
}

@article{gentil2009information,
  title={Information resources in {High-Energy} {Physics}: {Surveying} the present landscape and charting the future course},
  author={Gentil-Beccot, Anne and Holtkamp, Annette and Mele, Salvatore and O'Connell, Heath B and Brooks, Travis C},
  journal={Journal of the American Society for Information Science and Technology},
  volume={60},
  number={1},
  pages={150--160},
  year={2009},
  publisher={Wiley Online Library}
}

@article{zubair2015quintessence,
  title={{Quintessence and Holographic Dark Energy in Gravity}},
  author={Zubair, M},
  journal={Advances in High Energy Physics},
  volume={2015},
  year={2015},
  publisher={Hindawi Publishing Corporation}
}

@inproceedings{souza2014arctic,
  title={{ARCTIC}: metadata extraction from scientific papers in pdf using two-layer {CRF}},
  author={Souza, Alan and Moreira, Viviane and Heuser, Carlos},
  booktitle={Proceedings of the 2014 ACM symposium on Document engineering},
  pages={121--130},
  year={2014},
  organization={ACM}
}

@article{viterbi1967error,
  title={Error bounds for convolutional codes and an asymptotically optimum decoding algorithm},
  author={Viterbi, Andrew J},
  journal={Information Theory, IEEE Transactions on},
  volume={13},
  number={2},
  pages={260--269},
  year={1967},
  publisher={IEEE}
}

@article{binder1997space,
  title={Space-efficient inference in dynamic probabilistic networks},
  author={Binder, John and Murphy, Kevin and Russell, Stuart},
  journal={Bclr},
  volume={1},
  pages={t1},
  year={1997},
  publisher={Citeseer}
}

@inproceedings{charniak1993equations,
  title={Equations for part-of-speech tagging},
  author={Charniak, Eugene and Hendrickson, Curtis and Jacobson, Neil and Perkowitz, Mike},
  booktitle={AAAI},
  pages={784--789},
  year={1993}
}

@article{baum1966statistical,
  title={Statistical inference for probabilistic functions of finite state {Markov} chains},
  author={Baum, Leonard E and Petrie, Ted},
  journal={The annals of mathematical statistics},
  pages={1554--1563},
  year={1966},
  publisher={JSTOR}
}

@misc{eulerformula,
  title = {Euler's formula},
  author={User:Gunther},
  howpublished = {\url{https://commons.wikimedia.org/wiki/File:Euler's\_formula.svg}},
  year={2006},
  publisher={Licensed under CC BY-SA 3.0 via Commons}
}

@misc{inclusionexclusion,
  title={Inclusion-exclusion},
  author={Anon.},
  howpublished = {\url{https://commons.wikimedia.org/wiki/File:Inclusion-exclusion.svg}},
  year={2006},
  publisher={GNU Free Documentation License}
}

@misc{gradientdescent,
  title = {Gradient descent},
  author={User:Olegalexandrov},
  howpublished = {\url{https://commons.wikimedia.org/wiki/File:Gradient\_descent.svg}},
  year={2012}
}

@book{htf,
  title={The elements of statistical learning},
  author={Friedman, Jerome and Hastie, Trevor and Tibshirani, Robert},
  volume={1},
  year={2001},
  publisher={Springer series in statistics Springer, Berlin}
}

@article{transfersurvey,
  title={A survey on transfer learning},
  author={Pan, Sinno Jialin and Yang, Qiang},
  journal={IEEE Transactions on knowledge and data engineering},
  volume={22},
  number={10},
  pages={1345--1359},
  year={2010},
  publisher={IEEE}
}

@article{featureselectionsurvey,
  title={An introduction to variable and feature selection},
  author={Guyon, Isabelle and Elisseeff, Andr{\'e}},
  journal={Journal of machine learning research},
  volume={3},
  number={Mar},
  pages={1157--1182},
  year={2003}
}

@inproceedings{krizhevsky2012imagenet,
  title={Imagenet classification with deep convolutional neural networks},
  author={Krizhevsky, Alex and Sutskever, Ilya and Hinton, Geoffrey E},
  booktitle={Advances in neural information processing systems},
  pages={1097--1105},
  year={2012}
}

@inproceedings{sharif2014cnn,
  title={CNN features off-the-shelf: an astounding baseline for recognition},
  author={Sharif Razavian, Ali and Azizpour, Hossein and Sullivan, Josephine and Carlsson, Stefan},
  booktitle={Proceedings of the IEEE Conference on Computer Vision and Pattern Recognition Workshops},
  pages={806--813},
  year={2014}
}
